@Manual{R,
    title = {R: A Language and Environment for Statistical Computing},
    author = {{R Core Team}},
    organization = {R Foundation for Statistical Computing},
    address = {Vienna, Austria},
    year = {2020},
    url = {https://www.R-project.org/},
    keywords = {packages}
  }

@Article{AFINN, 
  author = {Finn Äruprup Nielsen}, 
  title = {A new ANEW: Evaluation of a word list for sentiment analysis in microblogs}, 
  journal = {CoRR}, 
  volume = {abs/1103.2903}, 
  year = {2011}, 
  url = {http://arxiv.org/abs/1103.2903}, 
  archivePrefix = {arXiv}, 
  eprint = {1103.2903}, 
  biburl = {https://dblp.org/rec/bib/journals/corr/abs-1103-2903}, 
  bibsource = {dblp computer science bibliography, https://dblp.org},
  keywords = {packages}
}

@Article{TIDYVERSE,
title = {Welcome to the {tidyverse}},
    author = {Hadley Wickham and Mara Averick and Jennifer Bryan and Winston Chang and Lucy D'Agostino McGowan and Romain François and Garrett Grolemund and Alex Hayes and Lionel Henry and Jim Hester and Max Kuhn and Thomas Lin Pedersen and Evan Miller and Stephan Milton Bache and Kirill Müller and Jeroen Ooms and David Robinson and Dana Paige Seidel and Vitalie Spinu and Kohske Takahashi and Davis Vaughan and Claus Wilke and Kara Woo and Hiroaki Yutani},
  year = {2019},
  journal = {Journal of Open Source Software},
  volume = {4},
  number = {43},
  pages = {1686},
  doi = {10.21105/joss.01686},
  keywords = {packages}
}

@Article{TIDYTEXT,
  title = {tidytext: Text Mining and Analysis Using Tidy Data Principles in R},
  author = {Julia Silge and David Robinson},
  doi = {10.21105/joss.00037},
  url = {http://dx.doi.org/10.21105/joss.00037},
  year = {2016},
  publisher = {The Open Journal},
  volume = {1},
  number = {3},
  journal = {JOSS},
  keywords = {packages}
}

@Manual{STRINGR,
  title = {stringr: Simple, Consistent Wrappers for Common String Operations},
  author = {Hadley Wickham},
  year = {2019},
  note = {R package version 1.4.0},
  url = {https://CRAN.R-project.org/package=stringr},
  keywords = {packages}
}

@Manual{DPLYR,
  title = {dplyr: A Grammar of Data Manipulation},
  author = {Hadley Wickham and Romain François and Lionel Henry and Kirill Müller},
  year = {2021},
  note = {R package version 1.0.7},
  url = {https://CRAN.R-project.org/package=dplyr},
  keywords = {packages}
}

@Manual{READXL,
  title = {readxl: Read Excel Files},
  author = {Hadley Wickham and Jennifer Bryan},
  year = {2019},
  note = {R package version 1.3.1},
  url = {https://CRAN.R-project.org/package=readxl},
  keywords = {packages}
}

@Manual{JANITOR,
  title = {janitor: Simple Tools for Examining and Cleaning Dirty Data},
  author = {Sam Firke},
  year = {2021},
  note = {R package version 2.1.0},
  url = {https://CRAN.R-project.org/package=janitor},
  keywords = {packages}
}

@Manual{TEXTDATA,
  title = {textdata: Download and Load Various Text Datasets},
  author = {Emil Hvitfeldt},
  year = {2020},
  note = {R package version 0.4.1},
  url = {https://CRAN.R-project.org/package=textdata},
  keywords = {packages}
}

 @book{Plato, 
 address={Indianapolis},
 title={Republic},
 ISBN={978-0-87220-136-1},
 callNumber={JC71 .P35 1992b},
 publisher={Hackett Pub. Co},
 author={Plato},
 editor={G. M. A. Grube and C. D. C. Reeve},
 year={1992},
 language={eng},
 keywords = {texts}
}

@book{Brill,
 address={Leiden},
 series={Leiden Indo-European etymological dictionary series},
 title={Etymological Dictionary of Greek},
 ISBN={978-90-04-32186-1},
 publisher={Brill},
 author={Beekes, R. S. P. and van Beek, Lucien},
 year={2016},
 collection={Leiden Indo-European etymological dictionary series},
 language={grc eng},
 keywords = {texts}
}

